<record><leader>00000cas a2200000 a 4500</leader><controlfield tag="001">8807773</controlfield><controlfield tag="008">820925d18341845iluwr ne      0   a0eng  </controlfield><datafield ind1=" " ind2=" " tag="010"><subfield code="a">sn 82015360 </subfield></datafield><datafield ind1=" " ind2=" " tag="040"><subfield code="a">DLC</subfield><subfield code="b">eng</subfield><subfield code="c">DLC</subfield><subfield code="d">NPV</subfield><subfield code="d">NPX</subfield><subfield code="d">OCL</subfield><subfield code="d">DLC</subfield><subfield code="d">OCL</subfield><subfield code="d">DLC</subfield><subfield code="d">OCL</subfield><subfield code="d">DLC</subfield><subfield code="d">NPV</subfield><subfield code="d">NVF</subfield><subfield code="d">OCL</subfield><subfield code="d">CVF</subfield><subfield code="d">NVF</subfield><subfield code="d">DLC</subfield><subfield code="d">OCLCQ</subfield><subfield code="d">OCLCF</subfield><subfield code="d">NVF</subfield></datafield><datafield ind1=" " ind2=" " tag="012"><subfield code="b">3</subfield></datafield><datafield ind1=" " ind2=" " tag="019"><subfield code="a">8807616</subfield><subfield code="a">8807633</subfield><subfield code="a">10564029</subfield></datafield><datafield ind1=" " ind2=" " tag="042"><subfield code="a">pcc</subfield></datafield><datafield ind1=" " ind2=" " tag="043"><subfield code="a">n-us-il</subfield></datafield><datafield ind1="0" ind2="0" tag="050"><subfield code="a">Newspaper</subfield></datafield><datafield ind1="0" ind2=" " tag="130"><subfield code="a">North Western gazette &amp; Galena advertiser (Galena, Ill. : Weekly)</subfield></datafield><datafield ind1="1" ind2="0" tag="245"><subfield code="a">North Western gazette &amp; Galena advertiser.</subfield></datafield><datafield ind1="1" ind2=" " tag="246"><subfield code="i">Published as:</subfield><subfield code="a">Galena gazette &amp; advertiser</subfield><subfield code="f">&lt;July 28-Sept. 29, 1838&gt;, and Mar. 13-&lt;Apr. 24, 1840&gt;, and Dec. 25, 1840-Jan. 22, 1841, and May 28, 1842, and Nov. 1, 1844</subfield></datafield><datafield ind1="3" ind2=" " tag="246"><subfield code="a">North Western gazette and Galena advertiser</subfield></datafield><datafield ind1="3" ind2=" " tag="246"><subfield code="a">Northwestern gazette &amp; Galena advertiser</subfield></datafield><datafield ind1="3" ind2=" " tag="246"><subfield code="a">Northwestern gazette and Galena advertiser</subfield></datafield><datafield ind1="3" ind2=" " tag="246"><subfield code="a">Galena gazette and advertiser</subfield></datafield><datafield ind1=" " ind2=" " tag="260"><subfield code="a">Galena, Upper Mississippi Lead Mines [Ill.] :</subfield><subfield code="b">Loring &amp; Bartlett,</subfield><subfield code="c">1834-1845.</subfield></datafield><datafield ind1=" " ind2=" " tag="300"><subfield code="a">v. :</subfield><subfield code="b">ill. ;</subfield><subfield code="c">68 cm.</subfield></datafield><datafield ind1=" " ind2=" " tag="310"><subfield code="a">Weekly</subfield></datafield><datafield ind1="0" ind2=" " tag="362"><subfield code="a">Vol. 1, no. 1 (Nov. 29, 1834)-v. 11, no. 21 (Mar. 25, 1845).</subfield></datafield><datafield ind1=" " ind2=" " tag="580"><subfield code="a">Triweekly eds.: Gazette and advertiser (Galena, Ill.), &lt;&gt;-1838, and: North Western gazette &amp; Galena advertiser (Galena, Ill. : Triweekly), 1838-1845.</subfield></datafield><datafield ind1=" " ind2="0" tag="651"><subfield code="a">Galena (Ill.)</subfield><subfield code="v">Newspapers.</subfield></datafield><datafield ind1=" " ind2="7" tag="651"><subfield code="a">Illinois</subfield><subfield code="z">Galena.</subfield><subfield code="2">fast</subfield><subfield code="0">(OCoLC)fst01207075</subfield></datafield><datafield ind1=" " ind2="7" tag="655"><subfield code="a">Newspapers.</subfield><subfield code="2">fast</subfield><subfield code="0">(OCoLC)fst01423814</subfield></datafield><datafield ind1=" " ind2=" " tag="752"><subfield code="a">United States</subfield><subfield code="b">Illinois</subfield><subfield code="c">Jo Daviess</subfield><subfield code="d">Galena.</subfield></datafield><datafield ind1="1" ind2=" " tag="775"><subfield code="t">Gazette and advertiser (Galena, Ill.)</subfield><subfield code="w">(DLC)sn 93055936</subfield><subfield code="w">(OCoLC)28463187</subfield></datafield><datafield ind1="1" ind2=" " tag="775"><subfield code="t">North Western gazette &amp; Galena advertiser (Galena, Ill. : Triweekly)</subfield><subfield code="w">(DLC)sn 84038447</subfield><subfield code="w">(OCoLC)11411513</subfield></datafield><datafield ind1="0" ind2="0" tag="785"><subfield code="t">Weekly North-Western gazette</subfield><subfield code="w">(DLC)sn 82015361</subfield><subfield code="w">(OCoLC)8807783</subfield></datafield><datafield ind1="1" ind2=" " tag="029"><subfield code="a">AU@</subfield><subfield code="b">000025829992</subfield></datafield></record>